%YAML 1.1
%TAG !u! tag:unity3d.com,2011:
--- !u!1 &5336733461876923438
GameObject:
  m_ObjectHideFlags: 0
  m_CorrespondingSourceObject: {fileID: 0}
  m_PrefabInstance: {fileID: 0}
  m_PrefabAsset: {fileID: 0}
  serializedVersion: 6
  m_Component:
  - component: {fileID: 5336733461876923439}
  - component: {fileID: 5336733461876923437}
  - component: {fileID: 5336733461876923434}
  - component: {fileID: 5336733461876923435}
  - component: {fileID: 5336733461876923436}
  m_Layer: 0
  m_Name: NetworkManager
  m_TagString: Untagged
  m_Icon: {fileID: 0}
  m_NavMeshLayer: 0
  m_StaticEditorFlags: 0
  m_IsActive: 1
--- !u!4 &5336733461876923439
Transform:
  m_ObjectHideFlags: 0
  m_CorrespondingSourceObject: {fileID: 0}
  m_PrefabInstance: {fileID: 0}
  m_PrefabAsset: {fileID: 0}
  m_GameObject: {fileID: 5336733461876923438}
  m_LocalRotation: {x: 0, y: 0, z: 0, w: 1}
  m_LocalPosition: {x: 0, y: 0, z: 0}
  m_LocalScale: {x: 1, y: 1, z: 1}
  m_Children: []
  m_Father: {fileID: 0}
  m_RootOrder: 0
  m_LocalEulerAnglesHint: {x: 0, y: 0, z: 0}
--- !u!114 &5336733461876923437
MonoBehaviour:
  m_ObjectHideFlags: 0
  m_CorrespondingSourceObject: {fileID: 0}
  m_PrefabInstance: {fileID: 0}
  m_PrefabAsset: {fileID: 0}
  m_GameObject: {fileID: 5336733461876923438}
  m_Enabled: 1
  m_EditorHideFlags: 0
  m_Script: {fileID: 11500000, guid: 6f9677dab4492d84e9aff3d72f06e236, type: 3}
  m_Name: 
  m_EditorClassIdentifier: 
  dontDestroyOnLoad: 1
  runInBackground: 1
  startOnHeadless: 1
  showDebugMessages: 0
  serverTickRate: 120
  offlineScene: 
  onlineScene: 
  transport: {fileID: 5336733461876923436}
  networkAddress: 35.180.232.25
  maxConnections: 4
  disconnectInactiveConnections: 0
  disconnectInactiveTimeout: 60
  authenticator: {fileID: 5336733461876923435}
  playerPrefab: {fileID: 7113113346893687722, guid: 463fbb3cc0b3d3d43806966c8398a571,
    type: 3}
  autoCreatePlayer: 0
  playerSpawnMethod: 0
  spawnPrefabs: []
  ClientStarted:
    m_PersistentCalls:
      m_Calls:
      - m_Target: {fileID: 0}
        m_MethodName: OnClientStart
        m_Mode: 1
        m_Arguments:
          m_ObjectArgument: {fileID: 0}
          m_ObjectArgumentAssemblyTypeName: UnityEngine.Object, UnityEngine
          m_IntArgument: 0
          m_FloatArgument: 0
          m_StringArgument: 
          m_BoolArgument: 0
        m_CallState: 2
      - m_Target: {fileID: 0}
        m_MethodName: OnClientStart
        m_Mode: 1
        m_Arguments:
          m_ObjectArgument: {fileID: 0}
          m_ObjectArgumentAssemblyTypeName: UnityEngine.Object, UnityEngine
          m_IntArgument: 0
          m_FloatArgument: 0
          m_StringArgument: 
          m_BoolArgument: 0
        m_CallState: 2
  ClientDisconnected:
    m_PersistentCalls:
      m_Calls:
      - m_Target: {fileID: 0}
        m_MethodName: OnClientDisconnect
        m_Mode: 1
        m_Arguments:
          m_ObjectArgument: {fileID: 0}
          m_ObjectArgumentAssemblyTypeName: UnityEngine.Object, UnityEngine
          m_IntArgument: 0
          m_FloatArgument: 0
          m_StringArgument: 
          m_BoolArgument: 0
        m_CallState: 2
  ServerStarted:
    m_PersistentCalls:
      m_Calls:
      - m_Target: {fileID: 0}
        m_MethodName: OnServerStart
        m_Mode: 1
        m_Arguments:
          m_ObjectArgument: {fileID: 0}
          m_ObjectArgumentAssemblyTypeName: UnityEngine.Object, UnityEngine
          m_IntArgument: 0
          m_FloatArgument: 0
          m_StringArgument: 
          m_BoolArgument: 0
        m_CallState: 2
--- !u!114 &5336733461876923434
MonoBehaviour:
  m_ObjectHideFlags: 0
  m_CorrespondingSourceObject: {fileID: 0}
  m_PrefabInstance: {fileID: 0}
  m_PrefabAsset: {fileID: 0}
  m_GameObject: {fileID: 5336733461876923438}
  m_Enabled: 1
  m_EditorHideFlags: 0
  m_Script: {fileID: 11500000, guid: 6442dc8070ceb41f094e44de0bf87274, type: 3}
  m_Name: 
  m_EditorClassIdentifier: 
  showGUI: 1
  offsetX: 0
  offsetY: 0
--- !u!114 &5336733461876923435
MonoBehaviour:
  m_ObjectHideFlags: 0
  m_CorrespondingSourceObject: {fileID: 0}
  m_PrefabInstance: {fileID: 0}
  m_PrefabAsset: {fileID: 0}
  m_GameObject: {fileID: 5336733461876923438}
  m_Enabled: 1
  m_EditorHideFlags: 0
  m_Script: {fileID: 11500000, guid: 8599ef7d43c92e74685b608c2dffa474, type: 3}
  m_Name: 
  m_EditorClassIdentifier: 
  OnServerAuthenticated:
    m_PersistentCalls:
      m_Calls: []
  OnClientAuthenticated:
    m_PersistentCalls:
      m_Calls: []
  token: 23|emxoN9msvinLg7wvNK3Wxo2No2UUjYqZSX8eeb8WczWZQTpI04l3pETf2L0a6AEHTLKtkub12jsQ1HHA
--- !u!114 &5336733461876923436
MonoBehaviour:
  m_ObjectHideFlags: 0
  m_CorrespondingSourceObject: {fileID: 0}
  m_PrefabInstance: {fileID: 0}
  m_PrefabAsset: {fileID: 0}
  m_GameObject: {fileID: 5336733461876923438}
  m_Enabled: 1
  m_EditorHideFlags: 0
  m_Script: {fileID: 11500000, guid: ec862738267237f4d91e6454ff15f4ea, type: 3}
  m_Name: 
  m_EditorClassIdentifier: 
  OnClientConnected:
    m_PersistentCalls:
      m_Calls: []
  OnClientDataReceived:
    m_PersistentCalls:
      m_Calls: []
  OnClientError:
    m_PersistentCalls:
      m_Calls: []
  OnClientDisconnected:
    m_PersistentCalls:
      m_Calls: []
  OnServerConnected:
    m_PersistentCalls:
      m_Calls: []
  OnServerDataReceived:
    m_PersistentCalls:
      m_Calls: []
  OnServerError:
    m_PersistentCalls:
      m_Calls: []
  OnServerDisconnected:
    m_PersistentCalls:
      m_Calls: []
  DebugEnabled: 0
  ServerBindAll: 1
  ServerBindAddress: 127.0.0.1
  CommunicationPort: 7777
  MaximumPeerCCU: 4095
  EnetPollTimeout: 1
  MaxPacketSizeInKb: 32
  Channels: 010000000200000000000000100000000100000002000000
  StatisticsCalculationInterval: 3
